@book{nof2009springer,
	title={Springer handbook of automation},
	author={Nof, Shimon Y and Nof, Shimon Y},
	year={2009},
	publisher={Springer}
}

@book{nof1999handbook,
	title={Emerging trends and industry needs handbook of industrial robotics},
	author={Nof, Shimon Y},
	year={1999},
	publisher={John Wiley \& Sons}
}

@article{mm,
	title={Computer Science for Engineers: Phase 3 Challenge - Harvester},
	author={Danner, Michael and Wachter, Markus },
	journal={Reutlingen University - International Project Engineering},
	volume={ IPEB3 - WS22/23},
	year={2022},
	publisher={Reutlingen University}
}

@online{raisingRobots,
	author = {Ltd Raising Robots },
	title = {Raising Robots MINDSTORMS EV3 Large Servo Motor},
	year = 2023,
	url = {https://raisingrobots.com/product/large-servo-motor/},
	urldate = {2023-01-07}
}